<?xml version="1.0" encoding="UTF-8"?><collection xmlns="http://www.loc.gov/MARC21/slim"><record><leader>00452nam--2200133-i-4500</leader><controlfield tag="001">000031204</controlfield><controlfield tag="002">20161230</controlfield><controlfield tag="005">20161230201038</controlfield><controlfield tag="008">060222s1000------------r-----000-0-eng-d</controlfield><datafield ind1=" " ind2=" " tag="100"><subfield code="a">Melkanoff, M.A./S.A.</subfield></datafield><datafield ind1=" " ind2=" " tag="245"><subfield code="a">A fortran program for elastic scatering analyses with the nuclear optical model</subfield></datafield><datafield ind1=" " ind2=" " tag="260"><subfield code="a">Berkeley, University Of California Press, 1961. 116p</subfield></datafield><datafield ind1=" " ind2=" " tag="490"><subfield code="a">University Of California Publications In Automatic Computation</subfield></datafield><datafield ind1=" " ind2=" " tag="852"><subfield code="a">16999</subfield></datafield></record></collection>